<record><leader>00000cas a22000007a 4500</leader><controlfield tag="001">20401914</controlfield><controlfield tag="008">890927d19141934nduwr ne      0    0eng d</controlfield><datafield ind1=" " ind2=" " tag="010"><subfield code="a">sn 88076337 </subfield></datafield><datafield ind1=" " ind2=" " tag="040"><subfield code="a">NOP</subfield><subfield code="b">eng</subfield><subfield code="c">NOP</subfield><subfield code="d">OCLCQ</subfield></datafield><datafield ind1=" " ind2=" " tag="042"><subfield code="a">msc</subfield></datafield><datafield ind1="0" ind2="0" tag="245"><subfield code="a">Montpelier magnet.</subfield></datafield><datafield ind1=" " ind2=" " tag="260"><subfield code="a">Montpelier, N.D. :</subfield><subfield code="b">G.A. Weston</subfield></datafield><datafield ind1=" " ind2=" " tag="300"><subfield code="a">20 v. :</subfield><subfield code="b">ill. ;</subfield><subfield code="c">54 cm.</subfield></datafield><datafield ind1=" " ind2=" " tag="310"><subfield code="a">Weekly</subfield></datafield><datafield ind1="0" ind2=" " tag="362"><subfield code="a">Vol. 1, no. 1 (June 5, 1914)-v. 20, no. 43 (Mar. 2, 1934).</subfield></datafield><datafield ind1=" " ind2=" " tag="500"><subfield code="a">Official paper: Stutsman County and Village of Montpelier, 1918; Village of Montpelier, 1919-1934.</subfield></datafield><datafield ind1=" " ind2=" " tag="530"><subfield code="a">Available on microfilm from the State Historical Society of North Dakota.</subfield></datafield><datafield ind1=" " ind2=" " tag="752"><subfield code="a">United States</subfield><subfield code="b">North Dakota</subfield><subfield code="c">Stutsman</subfield><subfield code="d">Montpelier.</subfield></datafield><datafield ind1="0" ind2="0" tag="785"><subfield code="t">Progressive Democrat (Carrington, N.D.)</subfield><subfield code="w">(DLC)sn 88076338</subfield></datafield></record>